<record xmlns="http://www.loc.gov/MARC21/slim" xmlns:xsi="http://www.w3.org/2001/XMLSchema-instance" xsi:schemaLocation="http://www.loc.gov/MARC21/slim http://www.loc.gov/standards/marcxml/schema/MARC21slim.xsd"><leader>00037nz   2200037n  4500</leader><controlfield tag="001">DNB|102408262</controlfield><controlfield tag="003">DNB</controlfield><controlfield tag="005">20080405190954.0</controlfield><controlfield tag="008">930416n||aznnnabbn           | aaa    |c</controlfield><datafield ind1=" " ind2=" " tag="035"><subfield code="a">(DE-101)102408262</subfield></datafield><datafield ind1=" " ind2=" " tag="035"><subfield code="a">(DE-588a)102408262</subfield></datafield><datafield ind1=" " ind2=" " tag="040"><subfield code="a">DE-12</subfield><subfield code="b">ger</subfield><subfield code="c">DE-101</subfield><subfield code="e">rakwb</subfield><subfield code="d">9999</subfield></datafield><datafield ind1=" " ind2=" " tag="079"><subfield code="a">p</subfield><subfield code="q">f</subfield><subfield code="q">p</subfield><subfield code="t">12-PAN</subfield></datafield><datafield ind1="0" ind2=" " tag="100"><subfield code="a">Tiberius</subfield><subfield code="c">Illustrius</subfield><subfield code="d">4./5. Jh. n. Chr.</subfield></datafield><datafield ind1="0" ind2=" " tag="400"><subfield code="a">Tiberius</subfield><subfield code="c">Epigrammaticus</subfield><subfield code="d">4./5. Jh. n. Chr.</subfield></datafield><datafield ind1="1" ind2=" " tag="400"><subfield code="a">Illustrius, Tiberius</subfield><subfield code="d">4./5. Jh. n. Chr.</subfield></datafield><datafield ind1=" " ind2=" " tag="549"><subfield code="w">i</subfield><subfield code="i">Lebensdaten</subfield><subfield code="a">4./5. Jh. n. Chr.</subfield></datafield><datafield ind1=" " ind2=" " tag="678"><subfield code="a">AP 9.2,370</subfield></datafield><datafield ind1=" " ind2=" " tag="996"><subfield code="2">SELIBR|294563</subfield></datafield><datafield ind1=" " ind2=" " tag="996"><subfield code="2">PICA|07065980X</subfield></datafield><datafield ind1=" " ind2=" " tag="996"><subfield code="2">BAV|ADV11319425</subfield></datafield><datafield ind1=" " ind2=" " tag="996"><subfield code="2">RERO|vtls003900733</subfield></datafield><datafield ind1=" " ind2=" " tag="996"><subfield code="2">NLA|000035316035</subfield></datafield><datafield ind1=" " ind2=" " tag="996"><subfield code="2">LC|n  85086820</subfield></datafield><datafield ind1=" " ind2=" " tag="997"><subfield code="a">300 400 flourished 0 0</subfield><subfield code="9">1</subfield></datafield></record>